<?xml version="1.0" encoding="UTF-8"?><collection xmlns="http://www.loc.gov/MARC21/slim"><record><leader>00731nam--2200205-u-4500</leader><controlfield tag="001">000050450</controlfield><controlfield tag="002">20161230</controlfield><controlfield tag="005">20161230201048</controlfield><controlfield tag="008">070322s1000------------r-----000-0-eng-d</controlfield><datafield ind1=" " ind2=" " tag="020"><subfield code="a">0792370163</subfield></datafield><datafield ind1=" " ind2=" " tag="040"><subfield code="a">IFIN-HH</subfield></datafield><datafield ind1=" " ind2=" " tag="080"><subfield code="a">(515.17:519.21:530.145)082.2</subfield></datafield><datafield ind1="1" ind2=" " tag="100"><subfield code="a">Accardi, Luigi</subfield></datafield><datafield ind1="1" ind2="0" tag="245"><subfield code="a">Recent Developments in Infinite-Dimensional Analysis and Quantum Probability</subfield><subfield code="b">Papers in honour of Takeyuki Hida's 70th birthday</subfield><subfield code="c">Luigi Accardi; Hui-Hsiung Kuo; Nobuaki Obata; Kimiaki Saito; Si,Si; Ludwig Streit (Eds.)</subfield></datafield><datafield ind1=" " ind2=" " tag="260"><subfield code="a">Dordrecht</subfield><subfield code="b">Kluwer Academic Publishers</subfield><subfield code="c">2001</subfield></datafield><datafield ind1=" " ind2=" " tag="300"><subfield code="a">464 p</subfield></datafield><datafield ind1=" " ind2="4" tag="650"><subfield code="a">Quantum probability</subfield></datafield><datafield ind1="1" ind2=" " tag="700"><subfield code="a">Streit, Ludwing</subfield><subfield code="e">Ed</subfield></datafield><datafield ind1=" " ind2=" " tag="852"><subfield code="a">81860</subfield><subfield code="c">530.1</subfield></datafield><datafield ind1=" " ind2=" " tag="CAT"><subfield code="a">Sys</subfield><subfield code="c">20110324</subfield><subfield code="h">110553</subfield></datafield></record></collection>